<record xmlns="http://www.loc.gov/MARC21/slim" xmlns:xsi="http://www.w3.org/2001/XMLSchema-instance" xsi:schemaLocation="http://www.loc.gov/MARC21/slim http://www.loc.gov/standards/marcxml/schema/MARC21slim.xsd"><leader>     nam a22        4500</leader><controlfield tag="001">3076645</controlfield><controlfield tag="003">NNC</controlfield><controlfield tag="006">m        d        </controlfield><controlfield tag="007">cr cn |||m|||a</controlfield><controlfield tag="008">150601s1945    ua      ob    000 0 araod</controlfield><datafield ind1=" " ind2=" " tag="040"><subfield code="a">NNU</subfield><subfield code="b">eng</subfield><subfield code="e">rda</subfield><subfield code="c">NNU</subfield></datafield><datafield ind1=" " ind2="4" tag="050"><subfield code="a">LA99</subfield><subfield code="b">.A27</subfield></datafield><datafield ind1="1" ind2=" " tag="100"><subfield code="6">880-01</subfield><subfield code="a">Ahwa&#772;ni&#772;, Ah&#803;mad Fu&#700;a&#772;d,</subfield><subfield code="d">-1970.</subfield></datafield><datafield ind1="1" ind2="3" tag="245"><subfield code="6">880-02</subfield><subfield code="a">al-Ta&#699;li&#772;m fi&#772; ra&#700;y al-Qa&#772;bisi&#772; /</subfield><subfield code="c">ta&#700;li&#772;f Ah&#803;mad Fu&#700;a&#772;d al-Ahwa&#772;ni&#772;.</subfield></datafield><datafield ind1=" " ind2=" " tag="260"><subfield code="6">880-03</subfield><subfield code="a">al-Qa&#772;hirah :</subfield><subfield code="b">Mat&#803;ba&#699;at Lajnat al-Ta&#700;li&#818;f wa-al-Tarjamah wa-al-Nashr,</subfield><subfield code="c">1945.</subfield></datafield><datafield ind1=" " ind2=" " tag="300"><subfield code="a">online resource (327 pages)</subfield></datafield><datafield ind1=" " ind2=" " tag="336"><subfield code="a">text</subfield><subfield code="2">rdacontent</subfield></datafield><datafield ind1=" " ind2=" " tag="337"><subfield code="a">computer</subfield><subfield code="2">rdamedia</subfield></datafield><datafield ind1=" " ind2=" " tag="338"><subfield code="a">online resource</subfield><subfield code="2">rdacarrier</subfield></datafield><datafield ind1=" " ind2=" " tag="500"><subfield code="a">Part of the Arabic Collections Online (ACO) project, contributed by Columbia University Libraries.</subfield></datafield><datafield ind1=" " ind2=" " tag="504"><subfield code="a">Includes bibliographical references.</subfield></datafield><datafield ind1=" " ind2=" " tag="533"><subfield code="a">Electronic reproduction.</subfield><subfield code="b">New York, N.Y. :</subfield><subfield code="c">New York University,</subfield><subfield code="d">2015.</subfield><subfield code="5">NNU</subfield></datafield><datafield ind1="1" ind2=" " tag="700"><subfield code="6">880-04</subfield><subfield code="a">Qa&#772;bisi&#772;, &#699;Ali&#772; ibn Muh&#803;ammad,</subfield><subfield code="d">936-1012.</subfield></datafield><datafield ind1="2" ind2=" " tag="710"><subfield code="a">Columbia University.</subfield><subfield code="b">Libraries.</subfield></datafield><datafield ind1="0" ind2=" " tag="730"><subfield code="a">Arabic Collections Online.</subfield></datafield><datafield ind1="0" ind2="8" tag="776"><subfield code="i">Online version:</subfield><subfield code="a">Ahwa&#772;ni&#772;, Ah&#803;mad Fu&#700;a&#772;d, -1970.</subfield><subfield code="t">Ta&#699;li&#772;m fi&#772; ra&#700;y al-Qa&#772;bisi&#772;.</subfield><subfield code="d">al-Qa&#772;hirah : Mat&#803;ba&#699;at Lajnat al-Ta&#700;li&#818;f wa-al-Tarjamah wa-al-Nashr, 1945</subfield><subfield code="w">(OCoLC)563022421</subfield></datafield><datafield ind1="0" ind2="8" tag="776"><subfield code="i">Print version:</subfield><subfield code="a">Ahwa&#772;ni&#772;, Ah&#803;mad Fu&#700;a&#772;d, -1970.</subfield><subfield code="t">al-Ta&#699;li&#772;m fi&#772; ra&#700;y al-Qa&#772;bisi&#772;</subfield><subfield code="w">(NNC)3076645</subfield><subfield code="w">(OCoLC)23512163</subfield></datafield><datafield ind1="4" ind2="0" tag="856"><subfield code="u">http://hdl.handle.net/2333.1/98sf7pd8</subfield></datafield><datafield ind1="1" ind2=" " tag="880"><subfield code="6">100-01/r</subfield><subfield code="a">&#1575;&#1607;&#1608;&#1575;&#1606;&#1610;&#1548; &#1575;&#1581;&#1605;&#1583; &#1601;&#1572;&#1575;&#1583;&#1548; </subfield><subfield code="d">-1970.</subfield></datafield><datafield ind1="1" ind2="2" tag="880"><subfield code="6">245-02/r</subfield><subfield code="a">&#1575;&#1604;&#1578;&#1593;&#1604;&#1610;&#1605; &#1601;&#1610; &#1585;&#1571;&#1610; &#1575;&#1604;&#1602;&#1575;&#1576;&#1587;&#1610; /</subfield><subfield code="c">&#1578;&#1571;&#1604;&#1610;&#1601; &#1575;&#1581;&#1605;&#1583; &#1601;&#1572;&#1575;&#1583; &#1575;&#1604;&#1575;&#1607;&#1608;&#1575;&#1606;&#1610;.</subfield></datafield><datafield ind1=" " ind2=" " tag="880"><subfield code="6">260-03/r</subfield><subfield code="a">&#1575;&#1604;&#1602;&#1575;&#1607;&#1585;&#1577; :</subfield><subfield code="b">&#1605;&#1591;&#1576;&#1593;&#1577; &#1604;&#1580;&#1606;&#1577; &#1575;&#1604;&#1578;&#1571;&#1604;&#1610;&#1601; &#1608;&#1575;&#1604;&#1578;&#1585;&#1580;&#1605;&#1577; &#1608;&#1575;&#1604;&#1606;&#1588;&#1585;&#1548;</subfield><subfield code="c">1945.</subfield></datafield><datafield ind1="1" ind2=" " tag="880"><subfield code="6">700-04/r</subfield><subfield code="a">&#1602;&#1575;&#1576;&#1587;&#1610;&#1548; &#1593;&#1604;&#1610; &#1576;&#1606; &#1605;&#1581;&#1605;&#1583;&#1548;</subfield><subfield code="d">936-1012.</subfield></datafield><datafield ind1=" " ind2=" " tag="959"><subfield code="a">NNU</subfield><subfield code="b">WEB</subfield><subfield code="c">GENI</subfield><subfield code="t">0</subfield><subfield code="m">Electronic access</subfield><subfield code="s">01</subfield></datafield><datafield ind1=" " ind2=" " tag="999"><subfield code="i">NNC_3076645</subfield><subfield code="o">(OCoLC)ocm23512163</subfield><subfield code="s">columbia_aco000598</subfield><subfield code="e">(ERROR-880)</subfield><subfield code="s">columbia_aco000598</subfield></datafield></record>